%% LaTeX2e file `ftds_refs_w7.bib'
%% generated by the `filecontents' environment
%% from source `logistic_regression' on 2022/12/23.
%%
      @Article{mandrekar2010receiver,
        author    = {Mandrekar, Jayawant N},
        journal   = {Journal of Thoracic Oncology},
        title     = {Receiver operating characteristic curve in diagnostic test assessment},
        year      = {2010},
        number    = {9},
        pages     = {1315--1316},
        volume    = {5},
        publisher = {Elsevier},
      }

      @Book{agresti2018introduction,
        author    = {Agresti, Alan},
        publisher = {John Wiley \& Sons},
        title     = {An introduction to categorical data analysis},
        year      = {2018},
      }

      @Article{peduzzi1996simulation,
        author    = {Peduzzi, Peter and Concato, John and Kemper, Elizabeth and Holford, Theodore R and Feinstein, Alvan R},
        journal   = {Journal of clinical epidemiology},
        title     = {A simulation study of the number of events per variable in logistic regression analysis},
        year      = {1996},
        number    = {12},
        pages     = {1373--1379},
        volume    = {49},
        publisher = {Elsevier},
      }

      @Article{bujang2018review,
        author    = {Bujang, Mohamad Adam and Omar, Evi Diana and Baharum, Nur Akmal},
        journal   = {The Malaysian journal of medical sciences: MJMS},
        title     = {A review on sample size determination for Cronbachâ€™s alpha test: a simple guide for researchers},
        year      = {2018},
        number    = {6},
        pages     = {85},
        volume    = {25},
        publisher = {School of Medical Sciences, Universiti Sains Malaysia},
      }
      
